@article{fishman,
  title={Random field effects in disordered anisotropic antiferromagnets},
  author={Fishman, Shmuel and Aharony, Amnon},
  journal={Journal of Physics C: Solid State Physics},
  volume={12},
  number={18},
  pages={L729},
  year={1979},
  publisher={IOP Publishing}
}
@article{de1984liquid,
	title={Liquid-liquid demixing inside a rigid network. Qualitative features},
	author={De Gennes, Pierre-Gilles},
	journal={The journal of Physical Chemistry},
	volume={88},
	number={26},
	pages={6469--6472},
	year={1984},
	publisher={ACS Publications}
}
@article{graham1987random,
	title={Random-field effects on Ising Jahn-Teller phase transitions},
	author={Graham, JT and Maliepaard, M and Page, JH and Smith, SRP and Taylor, DR},
	journal={Physical Review B},
	volume={35},
	number={4},
	pages={2098},
	year={1987},
	publisher={APS}
}
@article{fernandez1988random,
	title={Random fields generated by dilution in zero external field},
	author={Fernandez, JF},
	journal={EPL (Europhysics Letters)},
	volume={5},
	number={2},
	pages={129},
	year={1988},
	publisher={IOP Publishing}
}
@incollection{nattermann1998theory,
	title={Theory of the random field Ising model},
	author={NATTERMANN, THOMAS},
	booktitle={Spin glasses and random fields},
	pages={277--298},
	year={1998},
	publisher={World Scientific}
}
@article{nieuwenhuizen1986exactly,
	title={Exactly soluble random field Ising models in one dimension},
	author={Nieuwenhuizen, Th M and Luck, JM},
	journal={Journal of Physics A: Mathematical and General},
	volume={19},
	number={7},
	pages={1207},
	year={1986},
	publisher={IOP Publishing}
}
@article{ford1962d,
	title={D. R. Fulkerson, Flows in Networks},
	author={Ford, LR},
	journal={The RAND Corporation},
	volume={59},
	year={1962}
}
@article{ford1956maximal,
	title={{\guillemotleft}Maximal Flow through a Network{\guillemotright}, Canadian Journal of Mathematics},
	author={Ford, LR and Fulkerson, DR},
	year={1956}
}
@book{cormen2009introduction,
	title={Introduction to algorithms},
	author={Cormen, Thomas H and Leiserson, Charles E and Rivest, Ronald L and Stein, Clifford},
	year={2009},
	publisher={MIT press}
}
@article{hartmann2004new,
	title={New optimization algorithms in physics},
	author={Hartmann, Alexander K and Rieger, Heiko},
	year={2004},
	publisher={Wiley Online Library}
}
@article{farhi1993correlation,
	title={Correlation functions of the one-dimensional random-field Ising model at zero temperature},
	author={Farhi, Edward and Gutmann, Sam},
	journal={Physical Review B},
	volume={48},
	number={13},
	pages={9508},
	year={1993},
	publisher={APS}
}
@article{derrida1983singular,
  title={Singular behaviour of certain infinite products of random 2$\times$ 2 matrices},
  author={Derrida, Bernard and Hilhorst, HJ},
  journal={Journal of Physics A: Mathematical and General},
  volume={16},
  number={12},
  pages={2641},
  year={1983},
  publisher={IOP Publishing}
}
@article{derrida1978simple,
  title={Simple frustrated systems: Chains, strips and squares},
  author={Derrida, B and Vannimenus, J and Pomeau, Y},
  journal={Journal of Physics C: Solid State Physics},
  volume={11},
  number={23},
  pages={4749},
  year={1978},
  publisher={IOP Publishing}
}
@article{vannimenus1977theory,
  title={Theory of the frustration effect. II. Ising spins on a square lattice},
  author={Vannimenus, J and Toulouse, G},
  journal={Journal of Physics C: Solid State Physics},
  volume={10},
  number={18},
  pages={L537},
  year={1977},
  publisher={IOP Publishing}
}
@article{fan1969one,
  title={One-dimensional ising model with random exchange energy},
  author={Fan, Chungpeng and McCoy, Barry M},
  journal={Physical Review},
  volume={182},
  number={2},
  pages={614},
  year={1969},
  publisher={APS}
}
@article{PhysRevB.27.4503,
  title = {Exact solution of a one-dimensional Ising model in a random magnetic field},
  author = {Grinstein, G. and Mukamel, D.},
  journal = {Phys. Rev. B},
  volume = {27},
  issue = {7},
  pages = {4503--4506},
  numpages = {0},
  year = {1983},
  month = {Apr},
  publisher = {American Physical Society},
  doi = {10.1103/PhysRevB.27.4503},
  url = {https://link.aps.org/doi/10.1103/PhysRevB.27.4503}
}

@article{igloi1994correlations,
  title={Correlations in random Ising chains at zero temperature},
  author={Igl{\'o}i, Ferenc},
  journal={Journal of Physics A: Mathematical and General},
  volume={27},
  number={9},
  pages={2995},
  year={1994},
  publisher={IOP Publishing}
}
@article{hamasaki2004exact,
  title={Exact ground-state energies of the random-field Ising chain and ladder},
  author={Hamasaki, Toshiyuki and Nishimori, Hidetoshi},
  journal={Journal of the Physical Society of Japan},
  volume={73},
  number={6},
  pages={1490--1495},
  year={2004},
  publisher={The Physical Society of Japan}
}
@article{dress1995zero,
  title={Zero-temperature error-correcting code for a binary symmetric channel},
  author={Dress, C and Amic, E and Luck, JM},
  journal={Journal of Physics A: Mathematical and General},
  volume={28},
  number={1},
  pages={135},
  year={1995},
  publisher={IOP Publishing}
}
@article{kadowaki1996exact,
  title={Exact ground-state energy of the Ising spin glass on strips},
  author={Kadowaki, Tadashi and Nonomura, Yoshihiko and Nishimori, Hidetoshi},
  journal={Journal of the Physical Society of Japan},
  volume={65},
  number={6},
  pages={1609--1616},
  year={1996},
  publisher={The Physical Society of Japan}
}
